%YAML 1.1
%TAG !u! tag:unity3d.com,2011:
--- !u!1001 &100100000
Prefab:
  m_ObjectHideFlags: 1
  serializedVersion: 2
  m_Modification:
    m_TransformParent: {fileID: 0}
    m_Modifications: []
    m_RemovedComponents: []
  m_ParentPrefab: {fileID: 0}
  m_RootGameObject: {fileID: 1900810325370008}
  m_IsPrefabParent: 1
--- !u!1 &1197906505354830
GameObject:
  m_ObjectHideFlags: 0
  m_PrefabParentObject: {fileID: 0}
  m_PrefabInternal: {fileID: 100100000}
  serializedVersion: 5
  m_Component:
  - component: {fileID: 4393379800191314}
  - component: {fileID: 33371516405458742}
  - component: {fileID: 23384693339263568}
  m_Layer: 0
  m_Name: FastMonster_20
  m_TagString: Untagged
  m_Icon: {fileID: 0}
  m_NavMeshLayer: 0
  m_StaticEditorFlags: 0
  m_IsActive: 1
--- !u!1 &1259088087925392
GameObject:
  m_ObjectHideFlags: 1
  m_PrefabParentObject: {fileID: 0}
  m_PrefabInternal: {fileID: 100100000}
  serializedVersion: 5
  m_Component:
  - component: {fileID: 224488248223411914}
  - component: {fileID: 222570760292811342}
  - component: {fileID: 114419743765756556}
  m_Layer: 0
  m_Name: CL_max
  m_TagString: Untagged
  m_Icon: {fileID: 0}
  m_NavMeshLayer: 0
  m_StaticEditorFlags: 0
  m_IsActive: 1
--- !u!1 &1601763182047550
GameObject:
  m_ObjectHideFlags: 1
  m_PrefabParentObject: {fileID: 0}
  m_PrefabInternal: {fileID: 100100000}
  serializedVersion: 5
  m_Component:
  - component: {fileID: 224895200881408090}
  - component: {fileID: 222658594591912178}
  - component: {fileID: 114224393149696134}
  m_Layer: 0
  m_Name: CL
  m_TagString: Untagged
  m_Icon: {fileID: 0}
  m_NavMeshLayer: 0
  m_StaticEditorFlags: 0
  m_IsActive: 1
--- !u!1 &1613778063682562
GameObject:
  m_ObjectHideFlags: 0
  m_PrefabParentObject: {fileID: 0}
  m_PrefabInternal: {fileID: 100100000}
  serializedVersion: 5
  m_Component:
  - component: {fileID: 224019701031927636}
  - component: {fileID: 223415388031780922}
  - component: {fileID: 114566830883056438}
  - component: {fileID: 114037164442078314}
  - component: {fileID: 114278454678099302}
  m_Layer: 0
  m_Name: Canvas
  m_TagString: Untagged
  m_Icon: {fileID: 0}
  m_NavMeshLayer: 0
  m_StaticEditorFlags: 0
  m_IsActive: 1
--- !u!1 &1900810325370008
GameObject:
  m_ObjectHideFlags: 0
  m_PrefabParentObject: {fileID: 0}
  m_PrefabInternal: {fileID: 100100000}
  serializedVersion: 5
  m_Component:
  - component: {fileID: 4407769072102258}
  - component: {fileID: 114524038361698362}
  - component: {fileID: 114940377816841634}
  - component: {fileID: 195290688242508388}
  - component: {fileID: 136317260675664222}
  - component: {fileID: 54545173816794794}
  m_Layer: 0
  m_Name: BasicEnemy
  m_TagString: Minion
  m_Icon: {fileID: 0}
  m_NavMeshLayer: 0
  m_StaticEditorFlags: 0
  m_IsActive: 1
--- !u!4 &4393379800191314
Transform:
  m_ObjectHideFlags: 1
  m_PrefabParentObject: {fileID: 0}
  m_PrefabInternal: {fileID: 100100000}
  m_GameObject: {fileID: 1197906505354830}
  m_LocalRotation: {x: -0.0713002, y: 0.72927916, z: -0.36562198, w: 0.57392406}
  m_LocalPosition: {x: 0, y: 0, z: 0}
  m_LocalScale: {x: 20, y: 20, z: 20}
  m_Children: []
  m_Father: {fileID: 4407769072102258}
  m_RootOrder: 1
  m_LocalEulerAnglesHint: {x: 26.836, y: 94.748, z: -35.936}
--- !u!4 &4407769072102258
Transform:
  m_ObjectHideFlags: 1
  m_PrefabParentObject: {fileID: 0}
  m_PrefabInternal: {fileID: 100100000}
  m_GameObject: {fileID: 1900810325370008}
  m_LocalRotation: {x: 0, y: 0, z: 0, w: 1}
  m_LocalPosition: {x: 89.1947, y: 32.795956, z: 108.33544}
  m_LocalScale: {x: 1, y: 1, z: 1}
  m_Children:
  - {fileID: 224019701031927636}
  - {fileID: 4393379800191314}
  m_Father: {fileID: 0}
  m_RootOrder: 0
  m_LocalEulerAnglesHint: {x: 0, y: 0, z: 0}
--- !u!23 &23384693339263568
MeshRenderer:
  m_ObjectHideFlags: 1
  m_PrefabParentObject: {fileID: 0}
  m_PrefabInternal: {fileID: 100100000}
  m_GameObject: {fileID: 1197906505354830}
  m_Enabled: 1
  m_CastShadows: 1
  m_ReceiveShadows: 1
  m_MotionVectors: 1
  m_LightProbeUsage: 1
  m_ReflectionProbeUsage: 1
  m_Materials:
  - {fileID: 2100000, guid: 01ad8636dbb8914468b75333f0bb3ae1, type: 2}
  m_StaticBatchInfo:
    firstSubMesh: 0
    subMeshCount: 0
  m_StaticBatchRoot: {fileID: 0}
  m_ProbeAnchor: {fileID: 0}
  m_LightProbeVolumeOverride: {fileID: 0}
  m_ScaleInLightmap: 1
  m_PreserveUVs: 0
  m_IgnoreNormalsForChartDetection: 0
  m_ImportantGI: 0
  m_SelectedEditorRenderState: 3
  m_MinimumChartSize: 4
  m_AutoUVMaxDistance: 0.5
  m_AutoUVMaxAngle: 89
  m_LightmapParameters: {fileID: 0}
  m_SortingLayerID: 0
  m_SortingOrder: 0
--- !u!33 &33371516405458742
MeshFilter:
  m_ObjectHideFlags: 1
  m_PrefabParentObject: {fileID: 0}
  m_PrefabInternal: {fileID: 100100000}
  m_GameObject: {fileID: 1197906505354830}
  m_Mesh: {fileID: 4300000, guid: f1cc07f36cc8bef4b9d060cbcb02b090, type: 3}
--- !u!54 &54545173816794794
Rigidbody:
  m_ObjectHideFlags: 1
  m_PrefabParentObject: {fileID: 0}
  m_PrefabInternal: {fileID: 100100000}
  m_GameObject: {fileID: 1900810325370008}
  serializedVersion: 2
  m_Mass: 1
  m_Drag: 0
  m_AngularDrag: 0.05
  m_UseGravity: 0
  m_IsKinematic: 0
  m_Interpolate: 0
  m_Constraints: 0
  m_CollisionDetection: 0
--- !u!114 &114037164442078314
MonoBehaviour:
  m_ObjectHideFlags: 1
  m_PrefabParentObject: {fileID: 0}
  m_PrefabInternal: {fileID: 100100000}
  m_GameObject: {fileID: 1613778063682562}
  m_Enabled: 1
  m_EditorHideFlags: 0
  m_Script: {fileID: 1301386320, guid: f5f67c52d1564df4a8936ccd202a3bd8, type: 3}
  m_Name: 
  m_EditorClassIdentifier: 
  m_IgnoreReversedGraphics: 1
  m_BlockingObjects: 0
  m_BlockingMask:
    serializedVersion: 2
    m_Bits: 4294967295
--- !u!114 &114224393149696134
MonoBehaviour:
  m_ObjectHideFlags: 1
  m_PrefabParentObject: {fileID: 0}
  m_PrefabInternal: {fileID: 100100000}
  m_GameObject: {fileID: 1601763182047550}
  m_Enabled: 1
  m_EditorHideFlags: 0
  m_Script: {fileID: -765806418, guid: f5f67c52d1564df4a8936ccd202a3bd8, type: 3}
  m_Name: 
  m_EditorClassIdentifier: 
  m_Material: {fileID: 0}
  m_Color: {r: 0.5067729, g: 0.13462368, b: 0.6102941, a: 1}
  m_RaycastTarget: 1
  m_OnCullStateChanged:
    m_PersistentCalls:
      m_Calls: []
    m_TypeName: UnityEngine.UI.MaskableGraphic+CullStateChangedEvent, UnityEngine.UI,
      Version=1.0.0.0, Culture=neutral, PublicKeyToken=null
  m_Sprite: {fileID: 0}
  m_Type: 0
  m_PreserveAspect: 0
  m_FillCenter: 1
  m_FillMethod: 4
  m_FillAmount: 1
  m_FillClockwise: 1
  m_FillOrigin: 0
--- !u!114 &114278454678099302
MonoBehaviour:
  m_ObjectHideFlags: 1
  m_PrefabParentObject: {fileID: 0}
  m_PrefabInternal: {fileID: 100100000}
  m_GameObject: {fileID: 1613778063682562}
  m_Enabled: 1
  m_EditorHideFlags: 0
  m_Script: {fileID: 11500000, guid: c799b390c230c8b4a8b5c05d1b33eb45, type: 3}
  m_Name: 
  m_EditorClassIdentifier: 
  m_Camera: {fileID: 0}
  healthBarObject: {fileID: 224895200881408090}
  brainObject: {fileID: 1900810325370008}
--- !u!114 &114419743765756556
MonoBehaviour:
  m_ObjectHideFlags: 1
  m_PrefabParentObject: {fileID: 0}
  m_PrefabInternal: {fileID: 100100000}
  m_GameObject: {fileID: 1259088087925392}
  m_Enabled: 1
  m_EditorHideFlags: 0
  m_Script: {fileID: -765806418, guid: f5f67c52d1564df4a8936ccd202a3bd8, type: 3}
  m_Name: 
  m_EditorClassIdentifier: 
  m_Material: {fileID: 0}
  m_Color: {r: 0.8280046, g: 0.9044118, b: 0.7913603, a: 1}
  m_RaycastTarget: 1
  m_OnCullStateChanged:
    m_PersistentCalls:
      m_Calls: []
    m_TypeName: UnityEngine.UI.MaskableGraphic+CullStateChangedEvent, UnityEngine.UI,
      Version=1.0.0.0, Culture=neutral, PublicKeyToken=null
  m_Sprite: {fileID: 0}
  m_Type: 0
  m_PreserveAspect: 0
  m_FillCenter: 1
  m_FillMethod: 4
  m_FillAmount: 1
  m_FillClockwise: 1
  m_FillOrigin: 0
--- !u!114 &114524038361698362
MonoBehaviour:
  m_ObjectHideFlags: 1
  m_PrefabParentObject: {fileID: 0}
  m_PrefabInternal: {fileID: 100100000}
  m_GameObject: {fileID: 1900810325370008}
  m_Enabled: 1
  m_EditorHideFlags: 0
  m_Script: {fileID: 11500000, guid: 5bf9c3d1d0e5fee44ac6300931590c71, type: 3}
  m_Name: 
  m_EditorClassIdentifier: 
  State: 
  _CL: 0
  _CL_MAX: 10
  AttackDC: 1
  shields: 0
  num_waves: 0
  wave_points: []
  startsAsAlly: 0
  purifiable: 1
  evilMaterial: {fileID: 2100000, guid: 01ad8636dbb8914468b75333f0bb3ae1, type: 2}
  goodMaterial: {fileID: 2100000, guid: a2fcf52d513ecdb41b56a7a770c866c2, type: 2}
  attackRechargeTime: 0.75
  rend: {fileID: 23384693339263568}
  entity_type: 0
  AttackTree: {fileID: 11400000, guid: 8689b8483b7664f4980126e2ea607f2d, type: 2}
  WorkTree: {fileID: 11400000, guid: d378ca206869e3e4aa1e02cfabcaaf8b, type: 2}
  LookaroundTree: {fileID: 11400000, guid: 3697b3bca2848354d871b8e96e5c7119, type: 2}
  AllyFollowTree: {fileID: 11400000, guid: 4815987ffe5e8ea4e8fb84a898d1deab, type: 2}
  AllyWaitTree: {fileID: 11400000, guid: 8b7df8ec421087540bc367cfb2ede9a5, type: 2}
  AllyGoToTree: {fileID: 11400000, guid: ffceea6a87924ae4294177c007f8d4ab, type: 2}
  AllyActivateTree: {fileID: 0}
  threatRange: 40
  attackRange: 10
  sightRange: 60
  pickupRange: 3
  normalSpeed: 15
  surfingSpeed: 20
  slowSpeed: 7
  spawnedBy: {fileID: 0}
  partolTarget: {fileID: 0}
  workTarget: {fileID: 0}
  finishedRotateLeft: 1
  lookaroundLeft: {x: 0, y: 0, z: 0}
  lookaroundRight: {x: 0, y: 0, z: 0}
  carrying: 0
  enemyWaitPosition: {x: 0, y: 0, z: 0}
  allyManager: {fileID: 0}
  healthBar: {fileID: 0}
  startPatrol: 0
  isAbilityActive: 0
  positionSensitivity: 0
--- !u!114 &114566830883056438
MonoBehaviour:
  m_ObjectHideFlags: 1
  m_PrefabParentObject: {fileID: 0}
  m_PrefabInternal: {fileID: 100100000}
  m_GameObject: {fileID: 1613778063682562}
  m_Enabled: 1
  m_EditorHideFlags: 0
  m_Script: {fileID: 1980459831, guid: f5f67c52d1564df4a8936ccd202a3bd8, type: 3}
  m_Name: 
  m_EditorClassIdentifier: 
  m_UiScaleMode: 0
  m_ReferencePixelsPerUnit: 100
  m_ScaleFactor: 1
  m_ReferenceResolution: {x: 800, y: 600}
  m_ScreenMatchMode: 0
  m_MatchWidthOrHeight: 0
  m_PhysicalUnit: 3
  m_FallbackScreenDPI: 96
  m_DefaultSpriteDPI: 96
  m_DynamicPixelsPerUnit: 1
--- !u!114 &114940377816841634
MonoBehaviour:
  m_ObjectHideFlags: 1
  m_PrefabParentObject: {fileID: 0}
  m_PrefabInternal: {fileID: 100100000}
  m_GameObject: {fileID: 1900810325370008}
  m_Enabled: 1
  m_EditorHideFlags: 0
  m_Script: {fileID: 11500000, guid: 5b08dac9f765ece4ea8985d2b170ba7d, type: 3}
  m_Name: 
  m_EditorClassIdentifier: 
  pizarra:
    intParams: 
    intParamsNames: []
    intParamsLostDefaultValue: 
    boolParams: 
    boolParamsNames: []
    boolParamsLostDefaultValue: 
    floatParams: []
    floatParamsNames: []
    floatParamsLostDefaultValue: 
    stringParams: []
    stringParamsNames: []
    stringParamsLostDefaultValue: 
    colorParams: []
    colorParamsNames: []
    colorParamsLostDefaultValue: 
    objectParams: []
    objectParamsNames: []
    objectParamsLostDefaultValue: 
    layerMaskParams: []
    layerMaskParamsNames: []
    layerMaskParamsLostDefaultValue: 
    enumParamsNames: []
    enumParamsLostDefaultValue: 
    vector2Params: []
    vector2ParamsNames: []
    vector2ParamsLostDefaultValue: 
    vector3Params: []
    vector3ParamsNames: []
    vector3ParamsLostDefaultValue: 
    vector4Params: []
    vector4ParamsNames: []
    vector4ParamsLostDefaultValue: 
    rectParams: []
    rectParamsNames: []
    rectParamsLostDefaultValue: 
    animationCurveParams: []
    animationCurveParamsNames: []
    animationCurveParamsLostDefaultValue: 
    boundsParams: []
    boundsParamsNames: []
    boundsParamsLostDefaultValue: 
    gradientParams: []
    gradientParamsNames: []
    gradientParamsLostDefaultValue: 
    quaternionParams: []
    quaternionParamsNames: []
    quaternionParamsLostDefaultValue: 
  maxTasksPerTick: 500
  behavior: {fileID: 11400000, guid: 8689b8483b7664f4980126e2ea607f2d, type: 2}
  paused: 0
  restartWhenFinished: 1
  blackboard:
    intParams: 
    intParamsNames: []
    intParamsLostDefaultValue: 
    boolParams: 
    boolParamsNames: []
    boolParamsLostDefaultValue: 
    floatParams: []
    floatParamsNames: []
    floatParamsLostDefaultValue: 
    stringParams: []
    stringParamsNames: []
    stringParamsLostDefaultValue: 
    colorParams: []
    colorParamsNames: []
    colorParamsLostDefaultValue: 
    objectParams: []
    objectParamsNames: []
    objectParamsLostDefaultValue: 
    layerMaskParams: []
    layerMaskParamsNames: []
    layerMaskParamsLostDefaultValue: 
    enumParamsNames: []
    enumParamsLostDefaultValue: 
    vector2Params: []
    vector2ParamsNames: []
    vector2ParamsLostDefaultValue: 
    vector3Params: []
    vector3ParamsNames: []
    vector3ParamsLostDefaultValue: 
    vector4Params: []
    vector4ParamsNames: []
    vector4ParamsLostDefaultValue: 
    rectParams: []
    rectParamsNames: []
    rectParamsLostDefaultValue: 
    animationCurveParams: []
    animationCurveParamsNames: []
    animationCurveParamsLostDefaultValue: 
    boundsParams: []
    boundsParamsNames: []
    boundsParamsLostDefaultValue: 
    gradientParams: []
    gradientParamsNames: []
    gradientParamsLostDefaultValue: 
    quaternionParams: []
    quaternionParamsNames: []
    quaternionParamsLostDefaultValue: 
  intParams: 
  intParamsNames: []
  intParamsLostDefaultValue: 
  boolParams: 
  boolParamsNames: []
  boolParamsLostDefaultValue: 
  floatParams: []
  floatParamsNames: []
  floatParamsLostDefaultValue: 
  stringParams: []
  stringParamsNames: []
  stringParamsLostDefaultValue: 
  colorParams: []
  colorParamsNames: []
  colorParamsLostDefaultValue: 
  objectParams: []
  objectParamsNames: []
  objectParamsLostDefaultValue: 
  layerMaskParams: []
  layerMaskParamsNames: []
  layerMaskParamsLostDefaultValue: 
  enumParamsNames: []
  enumParamsLostDefaultValue: 
  vector2Params: []
  vector2ParamsNames: []
  vector2ParamsLostDefaultValue: 
  vector3Params: []
  vector3ParamsNames: []
  vector3ParamsLostDefaultValue: 
  vector4Params: []
  vector4ParamsNames: []
  vector4ParamsLostDefaultValue: 
  rectParams: []
  rectParamsNames: []
  rectParamsLostDefaultValue: 
  animationCurveParams: []
  animationCurveParamsNames: []
  animationCurveParamsLostDefaultValue: 
  boundsParams: []
  boundsParamsNames: []
  boundsParamsLostDefaultValue: 
  gradientParams: []
  gradientParamsNames: []
  gradientParamsLostDefaultValue: 
  quaternionParams: []
  quaternionParamsNames: []
  quaternionParamsLostDefaultValue: 
--- !u!136 &136317260675664222
CapsuleCollider:
  m_ObjectHideFlags: 1
  m_PrefabParentObject: {fileID: 0}
  m_PrefabInternal: {fileID: 100100000}
  m_GameObject: {fileID: 1900810325370008}
  m_Material: {fileID: 0}
  m_IsTrigger: 0
  m_Enabled: 1
  m_Radius: 0.68
  m_Height: 5
  m_Direction: 1
  m_Center: {x: 0, y: 2.3, z: 0}
--- !u!195 &195290688242508388
NavMeshAgent:
  m_ObjectHideFlags: 1
  m_PrefabParentObject: {fileID: 0}
  m_PrefabInternal: {fileID: 100100000}
  m_GameObject: {fileID: 1900810325370008}
  m_Enabled: 1
  m_Radius: 1
  m_Speed: 20
  m_Acceleration: 10
  avoidancePriority: 50
  m_AngularSpeed: 120
  m_StoppingDistance: 5
  m_AutoTraverseOffMeshLink: 1
  m_AutoBraking: 1
  m_AutoRepath: 1
  m_Height: 4
  m_BaseOffset: -0.3
  m_WalkableMask: 4294967295
  m_ObstacleAvoidanceType: 4
--- !u!222 &222570760292811342
CanvasRenderer:
  m_ObjectHideFlags: 1
  m_PrefabParentObject: {fileID: 0}
  m_PrefabInternal: {fileID: 100100000}
  m_GameObject: {fileID: 1259088087925392}
--- !u!222 &222658594591912178
CanvasRenderer:
  m_ObjectHideFlags: 1
  m_PrefabParentObject: {fileID: 0}
  m_PrefabInternal: {fileID: 100100000}
  m_GameObject: {fileID: 1601763182047550}
--- !u!223 &223415388031780922
Canvas:
  m_ObjectHideFlags: 1
  m_PrefabParentObject: {fileID: 0}
  m_PrefabInternal: {fileID: 100100000}
  m_GameObject: {fileID: 1613778063682562}
  m_Enabled: 1
  serializedVersion: 2
  m_RenderMode: 2
  m_Camera: {fileID: 0}
  m_PlaneDistance: 100
  m_PixelPerfect: 0
  m_ReceivesEvents: 1
  m_OverrideSorting: 0
  m_OverridePixelPerfect: 0
  m_SortingBucketNormalizedSize: 0
  m_SortingLayerID: 0
  m_SortingOrder: 0
  m_TargetDisplay: 0
--- !u!224 &224019701031927636
RectTransform:
  m_ObjectHideFlags: 1
  m_PrefabParentObject: {fileID: 0}
  m_PrefabInternal: {fileID: 100100000}
  m_GameObject: {fileID: 1613778063682562}
  m_LocalRotation: {x: -0, y: -0, z: -0, w: 1}
  m_LocalPosition: {x: 0, y: 0, z: 0}
  m_LocalScale: {x: 0.03, y: 0.03, z: 1}
  m_Children:
  - {fileID: 224488248223411914}
  m_Father: {fileID: 4407769072102258}
  m_RootOrder: 0
  m_LocalEulerAnglesHint: {x: 0, y: 0, z: 0}
  m_AnchorMin: {x: 0, y: 0}
  m_AnchorMax: {x: 0, y: 0}
  m_AnchoredPosition: {x: 0, y: 3.5}
  m_SizeDelta: {x: 906, y: 482}
  m_Pivot: {x: 0.5, y: 0.5}
--- !u!224 &224488248223411914
RectTransform:
  m_ObjectHideFlags: 1
  m_PrefabParentObject: {fileID: 0}
  m_PrefabInternal: {fileID: 100100000}
  m_GameObject: {fileID: 1259088087925392}
  m_LocalRotation: {x: -0.015009303, y: 0, z: 0, w: 0.99988735}
  m_LocalPosition: {x: 0, y: 0, z: 0}
  m_LocalScale: {x: 0.49, y: 0.05, z: 1}
  m_Children:
  - {fileID: 224895200881408090}
  m_Father: {fileID: 224019701031927636}
  m_RootOrder: 0
  m_LocalEulerAnglesHint: {x: -1.72, y: 0, z: 0}
  m_AnchorMin: {x: 0.5, y: 0.5}
  m_AnchorMax: {x: 0.5, y: 0.5}
  m_AnchoredPosition: {x: 0, y: 0}
  m_SizeDelta: {x: 120, y: 120}
  m_Pivot: {x: 0.5, y: 0.5}
--- !u!224 &224895200881408090
RectTransform:
  m_ObjectHideFlags: 1
  m_PrefabParentObject: {fileID: 0}
  m_PrefabInternal: {fileID: 100100000}
  m_GameObject: {fileID: 1601763182047550}
  m_LocalRotation: {x: -0, y: -0, z: -0, w: 1}
  m_LocalPosition: {x: 0, y: 0, z: 0}
  m_LocalScale: {x: 1, y: 1, z: 1.0282344}
  m_Children: []
  m_Father: {fileID: 224488248223411914}
  m_RootOrder: 0
  m_LocalEulerAnglesHint: {x: -1.72, y: 0, z: 0}
  m_AnchorMin: {x: 0.5, y: 0.5}
  m_AnchorMax: {x: 0.5, y: 0.5}
  m_AnchoredPosition: {x: 0.000015258789, y: -0.000005722046}
  m_SizeDelta: {x: 100, y: 100}
  m_Pivot: {x: 0.5, y: 0.5}
